@book{Wooldridge2010,
  title={Introdu{\c{c}}{\~a}o {\`a} econometria: uma abordagem moderna.},
  author={Wooldridge, Jeffrey M},
  publisher={Cengage Learning},
  year={2010},
  city={S{\~a}o Paulo}
}

@book{Gujarati2011,
  title={Econometria B{\'a}sica},
  author={Gujarati, Damodar N and Porter, Dawn C},
  year={2011},
  publisher={McGraw Hill}
}

@article{Prearo2015,
  title={Fatores Determinantes Do {\'I}ndice De Desenvolvimento Humano Dos Munic{\'\i}pios Do Estado De S{\~a}o Paulo},
  author={Prearo, Leandro Campi and Maraccini, Maria Clara and do Carmo Romeiro, Maria},
  journal={Revista Brasileira de Pol{\'\i}ticas P{\'u}blicas},
  volume={5},
  number={1},
  year={2015}
}

@article{Scarpin2007,
  title={Estudo dos fatores condicionantes do {\'\i}ndice de desenvolvimento humano nos munic{\'\i}pios do estado do Paran{\'a}: instrumento de controladoria para a tomada de decis{\~o}es na gest{\~a}o governamental},
  author={Scarpin, Jorge Eduardo and Slomski, Valmor},
  journal={Revista de Administra{\c{c}}{\~a}o P{\'u}blica},
  volume={41},
  number={5},
  pages={909--934},
  year={2007}
}

@article{Silva2007,
  title={A contribui{\c{c}}{\~a}o da vulnerabilidade na determina{\c{c}}{\~a}o do {\'\i}ndice de desenvolvimento humano: estudando o estado de Santa Catarina},
  author={Silva, Olga Maria Panhoca da and Panhoca, Luiz},
  journal={Ci{\^e}ncia \& Sa{\'u}de Coletiva},
  volume={12},
  pages={1209--1219},
  year={2007},
  publisher={SciELO Public Health}
}